@misc{Scrapy1691:online,
author = {},
title = {Scrapy 1.6 documentation — Scrapy 1.6.0 documentation},
howpublished = {\url{https://docs.scrapy.org/en/latest/}},
month = {},
year = {},
note = {(Accessed on 05/06/2019)}
}

@misc{Selector73:online,
author = {},
title = {Selectors — Scrapy 1.6.0 documentation},
howpublished = {\url{https://docs.scrapy.org/en/latest/topics/selectors.html}},
month = {},
year = {},
note = {(Accessed on 05/06/2019)}
}

@misc{Whataret55:online,
author = {},
title = {What are the advantages of Scrapy compared to Beautiful Soup? - Quora},
howpublished = {\url{https://www.quora.com/What-are-the-advantages-of-Scrapy-compared-to-Beautiful-Soup}},
month = {},
year = {},
note = {(Accessed on 05/06/2019)}
}

@misc{Istherea56:online,
author = {},
title = {Is there a better crawler than Scrapy? - Quora},
howpublished = {\url{https://www.quora.com/Is-there-a-better-crawler-than-Scrapy}},
month = {},
year = {},
note = {(Accessed on 05/06/2019)}
}
